@misc{ enwiki:1281107739,
    author = "{Wikipedia contributors}",
    title = "Edward the Martyr --- {Wikipedia}{,} The Free Encyclopedia",
    year = "2025",
    url = "https://en.wikipedia.org/w/index.php?title=Edward_the_Martyr&oldid=1281107739",
    note = "[Online; accessed 18-March-2025]"

}



@article{gan2013anomaly,
    author = {Gan, X.S. and Duanmu, J.S. and Wang, J.F. and Cong, W.},
    title = {Anomaly intrusion detection based on PLS feature extraction and core vector machine},
    journal = {Knowledge Based Systems},
    year = {2013},
    volume = {40},
    pages = {1-6},
    publisher = {Elsevier}
}

@article{mohammed2021effective,
    author = {Mohammed, A. and Kora, R.},
    title = {An effective ensemble deep learning framework for text classification},
    journal = {Journal of King Saud University - Computer and Information Sciences},
    year = {2021},
    volume = {34},
    number = {9},
    pages = {6659-6670},
    publisher = {Elsevier}
}

@inproceedings{ding2022velvet,
    author = {Ding, Y. and Suneja, S. and Zheng, Y. and Laredo, J. and Morari, A. and Kaiser, G. and Ray, B.},
    title = {VELVET: a noVel Ensemble Learning approach to automatically locate Vulnerable sTatements},
    booktitle = {2022 IEEE/ACM 29th International Conference on Software Analysis, Evolution and Reengineering (SANER)},
    year = {2022},
    pages = {1-12},
    publisher = {IEEE}
}


